%% -*- coding:utf-8 -*-
% https://eel.is/c++draft/
@misc{standard:cpp20,
  author = {International Organization for Standardization},
  title = {International Standard ISO/IEC 14882:2020(E) -- Programming Languages -- C++},
  publisher = {International Organization for Standardization},
  year = {2020},
  url = {https://www.iso.org/standard/73560.html}
}

@misc{standard:cpp17,
  author = {International Organization for Standardization},
  title = {International Standard ISO/IEC 14882:2017(E) -- Programming Languages -- C++},
  publisher = {International Organization for Standardization},
  year = {2017},
  url = {https://www.iso.org/standard/69466.html}
}

% https://www.open-std.org/jtc1/sc22/wg14/www/docs/n1256.pdf
@misc{standard:c99,
  title        = {{ISO/IEC 9899:1999 - Programming languages - C}},
  publisher    = {International Organization for Standardization (ISO)},
  author       = {{International Organization for Standardization (ISO)}},
  year         = {1999},
  url          = {https://www.iso.org/standard/23482.html}
}

@misc{llvm:getstarted,
  author = {LLVM Community},
  title = {Getting Started with the LLVM System},
  publisher = {LLVM Foundation},
  url = {https://llvm.org/docs/GettingStarted.html},
  year = {2023}
}

@misc{llvm:coding_standards,
  author = {LLVM Community},
  title = {LLVM Coding Standards},
  publisher = {LLVM Foundation},
  url = {https://llvm.org/docs/CodingStandards.html},
  year = {2023}
}

@misc{llvm:programmer_manual,
  author = {LLVM Community},
  title = {LLVM Programmer’s Manual},
  publisher = {LLVM Foundation},
  url = {https://llvm.org/docs/ProgrammersManual.html},
  year = {2023}
}

@misc{llvm:clang_cfe_internals_manual,
  author = {LLVM Community},
  title = {“Clang” CFE Internals Manual},
  publisher = {LLVM Foundation},
  url = {https://clang.llvm.org/docs/InternalsManual.html},
  year = {2023}
}

@misc{llvm:rtti_setup,
  author = {LLVM Community},
  title = {How to set up LLVM-style RTTI for your class hierarchy},
  publisher = {LLVM Foundation},
  url = {https://llvm.org/docs/HowToSetUpLLVMStyleRTTI.html},
  year = {2023}
}


@misc{llvm:commandline_library,
  author = {LLVM Community},
  title = {CommandLine 2.0 Library Manual},
  publisher = {LLVM Foundation},
  url = {https://llvm.org/docs/CommandLine.html},
  year = {2023}
}

@misc{llvm:clangcl,
  author = {"LLVM Community"},
  title = {"MSVC compatibility"},
  publisher = {"LLVM Foundation"},
  url = {"https://clang.llvm.org/docs/MSVCCompatibility.html"},
  year = {"2023"}
}

@misc{llvm:D69825,
  author = {"Alexandre Ganea"},
  title = {[Clang][Driver] Re-use the calling process instead of creating a new process for the cc1 invocation"},
  publisher = {"LLVM Foundation"},
  url = {"https://reviews.llvm.org/D69825"},
  year = {"2019"}
}



@misc{llvm:clangfeatures,
  author = {LLVM Community},
  title = {Clang features},
  publisher = {LLVM Foundation},
  url = {https://clang.llvm.org/features.html},
  year = {2023}
}

@misc{llvm:build,
  author = {LLVM Community},
  title = {Building LLVM with CMake},
  publisher = {LLVM Foundation},
  url = {https://llvm.org/docs/CMake.html},
  year = {2023}
}

@misc{llvm:llvm2git,
  author = {LLVM Community},
  title = {Moving LLVM Projects to GitHub},
  publisher = {LLVM Foundation},
  year = {2019},
  url = {https://llvm.org/docs/Proposals/GitHubMove.html}
}

@misc{ enwiki:qt,
    author = "{Wikipedia contributors}",
    title = "Qt (software) --- {Wikipedia}{,} The Free Encyclopedia",
    year = "2022",
    url = "https://en.wikipedia.org/w/index.php?title=Qt_(software)&oldid=1125020271",
    note = "[Online; accessed 23-December-2022]"
  }
  
@misc{ enwiki:opencv,
    author = "{Wikipedia contributors}",
    title = "OpenCV --- {Wikipedia}{,} The Free Encyclopedia",
    year = "2022",
    url = "https://en.wikipedia.org/w/index.php?title=OpenCV&oldid=1113479408",
    note = "[Online; accessed 23-December-2022]"
  }

@misc{ enwiki:gtest,
    author = "{Wikipedia contributors}",
    title = "Google Test --- {Wikipedia}{,} The Free Encyclopedia",
    year = "2022",
    url = "https://en.wikipedia.org/w/index.php?title=Google_Test&oldid=1123707063",
    note = "[Online; accessed 23-December-2022]"
  }

@article{LLVM:CGO04,
    author    = {Chris Lattner and Vikram Adve},
    title     = "{LLVM: A Compilation Framework for Lifelong Program Analysis \& Transformation}",
    journal = "{Proceedings of the 2004 International Symposium on Code Generation and Optimization (CGO'04)}",
    address   = {Palo Alto, California},
    month     = {Mar},
    year      = {2004}
  }

@misc{ enwiki:fibonacci_number,
    author = "{Wikipedia contributors}",
    title = "Fibonacci number --- {Wikipedia}{,} The Free Encyclopedia",
    year = "2022",
    url = "https://en.wikipedia.org/w/index.php?title=Fibonacci_number&oldid=1128066994",
    note = "[Online; accessed 20-December-2022]"
  }

@misc{llvm:releases,
  author = {LLVM Community},
  title = {LLVM releases},
  year = {2022},
  publisher = {LLVM},
  url = {https://releases.llvm.org/}
}

@misc{llvm:cpp17migration,
  author = {LLVM Community},
  title = {[LLVM] Update C++ standard to 17},
  year = {2022},
  publisher = {LLVM},
  url = {https://reviews.llvm.org/D130689}
}

@misc{github:clangbook_src,
  author = {Ivan Murashko},
  title = {Source code examples for Clang Compiler Fronmtend},
  year = {2022},
  publisher = {GitHub},
  journal = {GitHub repository},
  url = {https://github.com/ivanmurashko/articles/clangbook/src}
}

@misc{clang:user_manual,
  author = {LLVM Community},
  title={Clang Compiler User’s Manual},
  url={https://clang.llvm.org/docs/UsersManual.html},
  year={2022}
}

@book{book:engineering_a_compiler,
author = {Cooper, Keith and Torczon, Linda},
title = {Engineering A Compiler},
year = {2012},
isbn = {978-0-12-088478-0},
publisher = {Elsevier  Inc.},
edition = {2nd}
}

@book{book:cormen2009introduction,
  title={Introduction to Algorithms},
  author={Cormen, Thomas H. and Leiserson, Charles E. and Rivest, Ronald L. and Stein, Clifford},
  year={2009},
  publisher={MIT press},
  edition={3rd},
}